@article{Morgan_1965,
  doi = {10.1021/c160017a018},
  url = {http://dx.doi.org/10.1021/c160017a018},
  year = {1965},
  month = {may},
  publisher = {American Chemical Society ({ACS})},
  volume = {5},
  number = {2},
  pages = {107--113},
  author = {H. L. Morgan},
  title = {{The Generation of a Unique Machine Description for Chemical Structures-A Technique Developed at Chemical Abstracts Service.}},
  journal = {J. Chem. Doc.},
}


@article{duvenaud_convolutional_2015,
title = {Convolutional Networks on Graphs for Learning Molecular Fingerprints},
author = {Duvenaud, David K and Maclaurin, Dougal and Iparraguirre, Jorge and Bombarell, Rafael and Hirzel, Timothy and Aspuru-Guzik, Alan and Adams, Ryan P},
booktitle = {Adv. Neural. Inf. Process. Syst. 28},
editor = {C. Cortes and N. D. Lawrence and D. D. Lee and M. Sugiyama and R. Garnett},
pages = {2224--2232},
year = {2015},
publisher = {Curran Associates, Inc.},
url = {http://papers.nips.cc/paper/5954-convolutional-networks-on-graphs-for-learning-molecular-fingerprints.pdf}
}


@article{Pyzer_Knapp_2015,
  doi = {10.1146/annurev-matsci-070214-020823},
  url = {http://dx.doi.org/10.1146/annurev-matsci-070214-020823},
  year = {2015},
  month = {jul},
  publisher = {Annual Reviews},
  volume = {45},
  number = {1},
  pages = {195--216},
  author = {Edward O. Pyzer-Knapp and Changwon Suh and Rafael G{\'{o}}mez-Bombarelli and Jorge Aguilera-Iparraguirre and Al{\'{a}}n Aspuru-Guzik},
  title = {{What Is High-Throughput Virtual Screening? A Perspective from Organic Materials Discovery}},
  journal = {Annu. Rev. Mater. Res.},
}


@electronic{landrum2006rdkit,
  title = {{RDKit: Open-source cheminformatics}},
  url = { http://www. rdkit. org},
  year = {2016},
}


@article{Bergstra_2015,
  doi = {10.1088/1749-4699/8/1/014008},
  url = {http://dx.doi.org/10.1088/1749-4699/8/1/014008},
  year = {2015},
  month = {jul},
  publisher = {{IOP} Publishing},
  volume = {8},
  number = {1},
  pages = {014008},
  author = {James Bergstra and Brent Komer and Chris Eliasmith and Dan Yamins and David D Cox},
  title = {{Hyperopt: a Python library for model selection and hyperparameter optimization}},
  journal = {Comput. Sci. Disc.},
}


@article{Ertl_2009,
  doi = {10.1186/1758-2946-1-8},
  url = {http://dx.doi.org/10.1186/1758-2946-1-8},
  year = {2009},
  publisher = {Springer Nature},
  volume = {1},
  number = {1},
  pages = {8},
  author = {Peter Ertl and Ansgar Schuffenhauer},
  title = {{Estimation of synthetic accessibility score of drug-like molecules based on molecular complexity and fragment contributions}},
  journal = {J. Cheminform.},
}


@article{Kayala_2012,
  doi = {10.1021/ci3003039},
  url = {http://dx.doi.org/10.1021/ci3003039},
  year = {2012},
  month = {oct},
  publisher = {American Chemical Society ({ACS})},
  volume = {52},
  number = {10},
  pages = {2526--2540},
  author = {Matthew A. Kayala and Pierre Baldi},
  title = {{{ReactionPredictor}: Prediction of Complex Chemical Reactions at the Mechanistic Level Using Machine Learning}},
  journal = {J. Chem. Inf. Model.},
}

@article{Chen2008SynthExplore,
author = { Jonathan H. Chen and Pierre Baldi},
title = {Synthesis Explorer: A Chemical Reaction Tutorial System for Organic Synthesis Design and Mechanism Prediction},
journal = {J. Chem. Educ.},
volume = {85},
number = {12},
pages = {1699},
year = {2008},
doi = {10.1021/ed085p1699},
URL = { http://dx.doi.org/10.1021/ed085p1699},
eprint = { http://dx.doi.org/10.1021/ed085p1699}
}




@article{schneider2015development,
  title = {{Development of a novel fingerprint for chemical reactions and its application to large-scale reaction classification and similarity}},
  author = {Schneider, Nadine and Lowe, Daniel M and Sayle, Roger A and Landrum, Gregory A},
  journal = {J. Chem. Inf. Model.},
  volume = {55},
  number = {1},
  pages = {39--53},
  year = {2015},
  publisher = {ACS Publications},
}


@incollection{wade2013organic,
  booktitle = {{Organic chemistry}},
  author = {Wade, Leroy G},
  edition = {6th, International},
  year = {2013},
  publisher = {Pearson},
  address="Upper Saddle River, NJ, USA",
  pages = {377},
  isbn = "0-13-196891-2"
}


@article{Schuerer_2005,
    author = {{Stephan C. Schurer, and Prashant Tyagi, and and Steven M. Muskal}},
    title = {Prospective Exploration of Synthetically Feasible, Medicinally Relevant Chemical Space},
    journal = {J. Chem. Inf. Model.},
    volume = {45},
    number = {2},
    pages = {239-248},
    year = {2005},
    doi = {10.1021/ci0496853},
    note ={PMID: 15807484},
}


@article{Patel_2009,
  doi = {10.1021/ci800413m},
  url = {http://dx.doi.org/10.1021/ci800413m},
  year = {2009},
  month = {may},
  publisher = {American Chemical Society ({ACS})},
  volume = {49},
  number = {5},
  pages = {1163--1184},
  author = {Hina Patel and Michael J. Bodkin and Beining Chen and Valerie J. Gillet},
  title = {{Knowledge-Based Approach to de Novo Design Using Reaction Vectors}},
  journal = {J. Chem. Inf. Model.},
}


@article{manngraph,
  title = {{The Graph Grammar Library-a generic framework for chemical graph rewrite systems}},
  author = {Mann, Martin and Ekker, Heinz and Flamm, Christoph},
}


@inproceedings{mann2013graph,
  title = {{The graph grammar library-a generic framework for chemical graph rewrite systems}},
  author = {Mann, Martin and Ekker, Heinz and Flamm, Christoph},
  booktitle = {International Conference on Theory and Practice of Model Transformations},
  pages = {52--53},
  year = {2013},
  organization = {Springer},
}


@article{Zimmerman_2013,
  doi = {10.1002/jcc.23271},
  url = {http://dx.doi.org/10.1002/jcc.23271},
  year = {2013},
  month = {mar},
  publisher = {Wiley-Blackwell},
  volume = {34},
  number = {16},
  pages = {1385--1392},
  author = {Paul M. Zimmerman},
  title = {{Automated discovery of chemically reasonable elementary reaction steps}},
  journal = {J. Comput. Chem.},
}


@article{RGB_OLED_design_preprint,
  author = {Rafael Gómez-Bombarelli, Jorge Aguilera-Iparraguirre, Timothy D. Hirzel, David Duvenaud, Dougal Maclaurin, Martin A. Blood-Forsythe, Hyun Sik Chae, Markus Einzinger, Dong-Gwang Ha, Tony Wu, Georgios Markopoulos, Soonok Jeon, Hosuk Kang, Hiroshi Miyazaki, Masaki Numata, Sunghan Kim, Wenliang Huang, Seong Ik Hong, Stephen Buchwald, Marc Baldo, Ryan P. Adams, and Alán Aspuru-Guzik{}},
  title = {{Design of efficient molecular organic light-emitting diodes by a high-throughput virtual screening and experimental approach}},
  year = {submitted},
}


@article{Rappoport_2014,
  doi = {10.1021/ct401004r},
  url = {http://dx.doi.org/10.1021/ct401004r},
  year = {2014},
  month = {mar},
  publisher = {American Chemical Society ({ACS})},
  volume = {10},
  number = {3},
  pages = {897--907},
  author = {Dmitrij Rappoport and Cooper J. Galvin and Dmitry Yu. Zubarev and Al{\'{a}}n Aspuru-Guzik},
  title = {{Complex Chemical Reaction Networks from Heuristics-Aided Quantum Chemistry}},
  journal = {J. Chem. Theory Comput.},
}


@article{Todd_2005,
  doi = {10.1039/b104620a},
  url = {http://dx.doi.org/10.1039/b104620a},
  year = {2005},
  publisher = {Royal Society of Chemistry ({RSC})},
  volume = {34},
  number = {3},
  pages = {247},
  author = {Matthew H. Todd},
  title = {{Computer-aided organic synthesis}},
  journal = {Chem. Soc. Rev.},
}


@Article{Corey1971Centenary,
author ="Corey, E. J.",
title  ="Centenary lecture. Computer-assisted analysis of complex synthetic problems",
journal  ="Q. Rev. Chem. Soc.",
year  ="1971",
volume  ="25",
issue  ="4",
pages  ="455-482",
publisher  ="The Royal Society of Chemistry",
doi  ="10.1039/QR9712500455",
url  ="http://dx.doi.org/10.1039/QR9712500455",
abstract  =""}



@article{gasteiger2016chemoinformatics,
  title = {{Chemoinformatics: Achievements and challenges, a personal view}},
  author = {Gasteiger, Johann},
  journal = {Molecules},
  volume = {21},
  number = {2},
  pages = {151},
  year = {2016},
  publisher = {Multidisciplinary Digital Publishing Institute},
}


@article{mnih2015human,
  title = {{Human-level control through deep reinforcement learning}},
  author = {Volodymyr Mnih and Koray Kavukcuoglu and David Silver and Andrei A Rusu and Joel Veness and Marc G Bellemare and Alex Graves and Martin Riedmiller and Andreas K Fidjeland and Greorg Ostrovski  and Stig Petersen and Charles Beattie and Amir Sadik and Ioannis Antonoglou and Helen King and Dharshan Kumaran and Daan Wiestra and Shane Legg and Demis Hassabis},
  journal = {Nature},
  volume = {518},
  number = {7540},
  pages = {529--533},
  year = {2015},
  publisher = {Nature Publishing Group},
}


@article{silver2016mastering,
  title = {{Mastering the game of Go with deep neural networks and tree search}},
  author = {David Silver and Aja Huang and Chris J Maddison and Arthur Guez and Laurent Sifre and George Van Den Driessche and Julian Schrittwieser and Ioannis Antonoglou and Veda Panneershelvam and Marc Lanctot and Sander Dieleman and Dominik Grewe and John Nham and Nal Kalchbrenner and Ilya Sutskever and Timothy Lillicrap and Madeleine Leach and Koray Kavukcuoglu and Thore Graepel and Demis Hassabis},
  journal = {Nature},
  volume = {529},
  number = {7587},
  pages = {484--489},
  year = {2016},
  publisher = {Nature Publishing Group},
}


@article{Salatin_1980,
  doi = {10.1021/jo01299a001},
  url = {http://dx.doi.org/10.1021/jo01299a001},
  year = {1980},
  month = {may},
  publisher = {American Chemical Society ({ACS})},
  volume = {45},
  number = {11},
  pages = {2043--2051},
  author = {Timothy D. Salatin and William L. Jorgensen},
  title = {{Computer-assisted mechanistic evaluation of organic reactions. 1. Overview}},
  journal = {J. Org. Chem.},
}


@article{Nowak_2009,
  doi = {10.1021/ci9000597},
  url = {http://dx.doi.org/10.1021/ci9000597},
  year = {2009},
  month = {jun},
  publisher = {American Chemical Society ({ACS})},
  volume = {49},
  number = {6},
  pages = {1321--1329},
  author = {Graz{\.}yna Nowak and Grzegorz Fic},
  title = {{Machine Learning Approach to Discovering Cascade Reaction Patterns. Application to Reaction Pathways Prediction}},
  journal = {J. Chem. Inf. Model.}, 
}


@article{Manallack_2003,
  doi = {10.1021/ci0202741},
  url = {http://dx.doi.org/10.1021/ci0202741},
  year = {2003},
  month = {mar},
  publisher = {American Chemical Society ({ACS})},
  volume = {43},
  number = {2},
  pages = {674--679},
  author = {David T. Manallack and Benjamin G. Tehan and Emanuela Gancia and Brian D. Hudson and Martyn G. Ford and David J. Livingstone and David C. Whitley and Will R. Pitt},
  title = {{A Consensus Neural Network-Based Technique for Discriminating Soluble and Poorly Soluble Compounds}},
  journal = {J. Chem. Inf. Comput. Sci.},
}


@article{von2015fourier,
  title = {{Fourier series of atomic radial distribution functions: A molecular fingerprint for machine learning models of quantum chemical properties}},
  author = {von Lilienfeld, O Anatole and Ramakrishnan, Raghunathan and Rupp, Matthias and Knoll, Aaron},
  journal = {Int. J. Quantum Chem.},
  volume = {115},
  number = {16},
  pages = {1084--1093},
  year = {2015},
  publisher = {Wiley Online Library},
}

@inproceedings{montavon2012learning,
  title={Learning invariant representations of molecules for atomization energy prediction},
  author={ Gr{\'e}goire Montavon and  Katja Hansen and  Siamac Fazli and  Matthias Rupp and  Franziska Biegler and  Andreas Ziehe and  Alexandre Tkatchenko and  Anatole V Lilienfeld and  Klaus-Robert M{\"u}ller},
  booktitle={Advances in Neural Information Processing Systems},
  pages={440--448},
  year={2012}
}

@article{gothard2012rewiring,
  title = {{Rewiring Chemistry: Algorithmic Discovery and Experimental Validation of One-Pot Reactions in the Network of Organic Chemistry}},
  author = {Chris M Gothard and Siowling Soh and Nosheen A Gothard and Bartlomiej Kowalczyk and Yanhu Wei and Bilge Baytekin and Brtosz A Grzybowski},
  journal = {Agnew. Chem. Int. Ed.},
  volume = {124},
  number = {32},
  pages = {8046--8051},
  year = {2012},
  publisher = {Wiley Online Library},
}


@article{Bajusz_2015,
  doi = {10.1186/s13321-015-0069-3},
  url = {http://dx.doi.org/10.1186/s13321-015-0069-3},
  year = {2015},
  month = {may},
  publisher = {Springer Science $\mathplus$ Business Media},
  volume = {7},
  number = {1},
  author = {D{\'{a}}vid Bajusz and Anita R{\'{a}}cz and K{\'{a}}roly H{\'{e}}berger},
  title = {{Why is Tanimoto index an appropriate choice for fingerprint-based similarity calculations?}},
  journal = {J Cheminform},
  pages = {1--13}
}


@article{Wang_2016,
  doi = {10.1021/acs.jctc.5b00830},
  url = {http://dx.doi.org/10.1021/acs.jctc.5b00830},
  year = {2016},
  month = {feb},
  publisher = {American Chemical Society ({ACS})},
  volume = {12},
  number = {2},
  pages = {638--649},
  author = {Lee-Ping Wang and Robert T. McGibbon and Vijay S. Pande and Todd J. Martinez},
  title = {{Automated Discovery and Refinement of Reactive Molecular Dynamics Pathways}},
  journal = {J. Chem. Theory Comput.},
}


@article{Wang_2014,
  doi = {10.1038/nchem.2099},
  url = {http://dx.doi.org/10.1038/nchem.2099},
  year = {2014},
  month = {nov},
  publisher = {Nature Publishing Group},
  volume = {6},
  number = {12},
  pages = {1044--1048},
  author = {Lee-Ping Wang and Alexey Titov and Robert McGibbon and Fang Liu and Vijay S. Pande and Todd J. Mart{\'{\i}}nez},
  title = {{Discovering chemistry with an ab initio nanoreactor}},
  journal = {Nat. Chem.},
}



@inproceedings{He_2015,
  doi = {10.1109/iccv.2015.123},
  url = {http://dx.doi.org/10.1109/iccv.2015.123},
  year = {2015},
  month = {dec},
  publisher = {Institute of Electrical {\&} Electronics Engineers ({IEEE})},
  author = {Kaiming He and Xiangyu Zhang and Shaoqing Ren and Jian Sun},
  title = {{Delving Deep into Rectifiers: Surpassing Human-Level Performance on {ImageNet} Classification}},
  booktitle = {ICCV},
}


@article{xu2009dynamics,
  title = {{Dynamics of 1, 3-Dipolar Cycloaddition Reactions of Diazonium Betaines to Acetylene and Ethylene: Bending Vibrations Facilitate Reaction}},
  author = {Xu, Lai and Doubleday, Charles E and Houk, K},
  journal = {Agnew. Chem. Int. Ed.},
  volume = {121},
  number = {15},
  pages = {2784--2786},
  year = {2009},
  publisher = {Wiley Online Library},
}


@article{jorgensen1990cameo,
  title = {{CAMEO: a program for the logical prediction of the products of organic reactions}},
  author = {Jorgensen, William L and Laird, Ellen R and Gushurst, Alan J and Fleischer, Jan M and Gothe, Scott A and Helson, Harold E and Paderes, Genevieve D and Sinclair, Shenna},
  journal = {Pure Appl. Chem.},
  volume = {62},
  number = {10},
  pages = {1921--1932},
  year = {1990},
}


@incollection{gasteiger1987new,
  title = {{A new treatment of chemical reactivity: Development of EROS, an expert system for reaction prediction and synthesis design}},
  author = {Gasteiger, Johann and Hutchings, Michael G and Christoph, Bernd and Gann, Leopold and Hiller, Christian and L{\"o}w, Peter and Marsili, Mario and Saller, Heinz and Yuki, Kazumi},
  booktitle = {Organic Synthesis, Reactions and Mechanisms},
  pages = {19--73},
  year = {1987},
  publisher = {Springer},
  address="Berlin, Heidelberg",
  isbn="978-3-540-47161-5",
  doi="10.1007/3-540-16904-0_14",
  url="http://dx.doi.org/10.1007/3-540-16904-0_14"
}


@article{Socorro_2005,
  doi = {10.1021/ol0512738},
  url = {http://dx.doi.org/10.1021/ol0512738},
  year = {2005},
  month = {aug},
  publisher = {American Chemical Society ({ACS})},
  volume = {7},
  number = {16},
  pages = {3541--3544},
  author = {Ingrid M. Socorro and Keith Taylor and Jonathan M. Goodman},
  title = {{{ROBIA}: A Reaction Prediction Program}},
  journal = {Org. Lett.},
}


@article{corey1974computer,
  title = {{Computer-assisted synthetic analysis. Methods for machine generation of synthetic intermediates involving multistep look-ahead}},
  author = {Corey, EJ and Howe, W Jeffrey and Pensak, David A},
  journal = {J. Am. Chem. Soc.},
  volume = {96},
  number = {25},
  pages = {7724--7737},
  year = {1974},
  publisher = {ACS Publications},
}


@article{corey1975general,
  title = {{General methods of synthetic analysis. Strategic bond disconnections for bridged polycyclic structures}},
  author = {Corey, EJ and Howe, W Jeffrey and Orf, HW and Pensak, David A and Petersson, George},
  journal = {J. Am. Chem. Soc.},
  volume = {97},
  number = {21},
  pages = {6116--6124},
  year = {1975},
  publisher = {ACS Publications},
}


@article{corey1972computer,
  title = {{Computer-assisted synthetic analysis. Facile man-machine communication of chemical structure by interactive computer graphics}},
  author = {Corey, EJ and Wipke, W Todd and Cramer III, Richard D and Howe, W Jeffrey},
  journal = {J. Am. Chem. Soc.},
  volume = {94},
  number = {2},
  pages = {421--430},
  year = {1972},
  publisher = {ACS Publications},
}


@article{corey1972techniques,
  title = {{Techniques for perception by a computer of synthetically significant structural features in complex molecules}},
  author = {Corey, EJ and Wipke, W Todd and Cramer III, Richard D and Howe, W Jeffrey},
  journal = {J. Am. Chem. Soc.},
  volume = {94},
  number = {2},
  pages = {431--439},
  year = {1972},
  publisher = {ACS Publications},
}


@article{corey1985computer,
  title = {{Computer-assisted synthetic analysis. Selection of protective groups for multistep organic syntheses.}},
  author = {Corey, EJ and Long, Alan K and Greene, Theodora W and Miller, John W},
  journal = {J. Org. Chem.},
  volume = {50},
  number = {11},
  pages = {1920--1927},
  year = {1985},
  publisher = {ACS Publications},
}


@article{Jorgensen_1990,
  doi = {10.1351/pac199062101921},
  url = {http://dx.doi.org/10.1351/pac199062101921},
  year = {1990},
  month = {jan},
  publisher = {Walter de Gruyter {GmbH}},
  volume = {62},
  number = {10},
  author = {W. L. Jorgensen and E. R. Laird and A. J. Gushurst and J. M. Fleischer and S. A. Gothe and H. E. Helson and G. D. Paderes and S. Sinclair},
  title = {{{CAMEO}: a program for the logical prediction of the products of organic reactions}},
  journal = {Pure Appl. Chem.},
}


@incollection{Gasteiger,
  doi = {10.1007/bfb0050147},
  url = {http://dx.doi.org/10.1007/bfb0050147},
  publisher = {Springer Science $\mathplus$ Business Media},
  pages = {93--126},
  author = {Johann Gasteiger and Clemens Jochum},
  title = {{{EROS} A computer program for generating sequences of reactions}},
  booktitle = {Organic Compunds},
}


@article{Satoh_1996,
  doi = {10.1021/ci950058a},
  url = {http://dx.doi.org/10.1021/ci950058a},
  year = {1996},
  month = {jan},
  publisher = {American Chemical Society ({ACS})},
  volume = {36},
  number = {2},
  pages = {173--184},
  author = {Hiroko Satoh and Kimito Funatsu},
  title = {{Further Development of a Reaction Generator in the {SOPHIA} System for Organic Reaction Prediction. Knowledge-Guided Addition of Suitable Atoms and/or Atomic Groups to Product Skeleton}},
  journal = {J. Chem. Inf. Comput. Sci.},
}


@article{Gothard_2012,
  doi = {10.1002/ange.201202155},
  url = {http://dx.doi.org/10.1002/ange.201202155},
  year = {2012},
  month = {jul},
  publisher = {Wiley-Blackwell},
  volume = {124},
  number = {32},
  pages = {8046--8051},
  author = {Chris M. Gothard and Siowling Soh and Nosheen A. Gothard and Bartlomiej Kowalczyk and Yanhu Wei and Bilge Baytekin and Bartosz A. Grzybowski},
  title = {{Rewiring Chemistry: Algorithmic Discovery and Experimental Validation of One-Pot Reactions in the Network of Organic Chemistry}},
  journal = {Agnew. Chem. Int. Ed.},
}


@article{Grzybowski_2009,
  doi = {10.1038/nchem.136},
  url = {http://dx.doi.org/10.1038/nchem.136},
  year = {2009},
  month = {apr},
  publisher = {Nature Publishing Group},
  volume = {1},
  number = {1},
  pages = {31--36},
  author = {Bartosz A. Grzybowski and Kyle J. M. Bishop and Bartlomiej Kowalczyk and Christopher E. Wilmer},
  title = {{The {\textquotesingle}wired{\textquotesingle} universe of organic chemistry}},
  journal = {Nat. Chem.},
}


@article{Campbell_2002,
  doi = {10.1016/s0004-3702(01)00129-1},
  url = {http://dx.doi.org/10.1016/s0004-3702(01)00129-1},
  year = {2002},
  month = {jan},
  publisher = {Elsevier {BV}},
  volume = {134},
  number = {1-2},
  pages = {57--83},
  author = {Murray Campbell and A.Joseph Hoane and Feng-hsiung Hsu},
  title = {{Deep Blue}},
  journal = {Artif. Intell.},
}


@article{Satoh_1999,
  doi = {10.1021/ci980147y},
  url = {http://dx.doi.org/10.1021/ci980147y},
  year = {1999},
  month = {mar},
  publisher = {American Chemical Society ({ACS})},
  volume = {39},
  number = {2},
  pages = {316--325},
  author = {Koji Satoh and Kimito Funatsu},
  title = {{A Novel Approach to Retrosynthetic Analysis Using Knowledge Bases Derived from Reaction Databases}},
  journal = {J. Chem. Inf. Comput. Sci.},
}


@incollection{NIPS2012_4824,
  author = {Alex Krizhevsky and Sutskever, Ilya and Geoffrey E. Hinton},
  booktitle = {Adv. Neural. Inf. Process. Syst. 25},
  editor = {F. Pereira and C. J. C. Burges and L. Bottou and K. Q. Weinberger},
  pages = {1097--1105},
  publisher = {Curran Associates, Inc.},
  title = {{ImageNet Classification with Deep Convolutional Neural Networks}},
  url = {http://papers.nips.cc/paper/4824-imagenet-classification-with-deep-convolutional-neural-networks.pdf},
  year = {2012},
  bdsk-url-1 = {http://papers.nips.cc/paper/4824-imagenet-classification-with-deep-convolutional-neural-networks.pdf},
}


@incollection{krizhevsky2012imagenet,
title = {ImageNet Classification with Deep Convolutional Neural Networks},
author = {Alex Krizhevsky and Sutskever, Ilya and Geoffrey E. Hinton},
booktitle = {Adv. Neural. Inf. Process. Syst. 25},
editor = {F. Pereira and C. J. C. Burges and L. Bottou and K. Q. Weinberger},
pages = {1097--1105},
year = {2012},
publisher = {Curran Associates, Inc.},
url = {http://papers.nips.cc/paper/4824-imagenet-classification-with-deep-convolutional-neural-networks.pdf}
}

@article{Virshup_2013,
  doi = {10.1021/ja401184g},
  url = {http://dx.doi.org/10.1021/ja401184g},
  year = {2013},
  month = {may},
  publisher = {American Chemical Society ({ACS})},
  volume = {135},
  number = {19},
  pages = {7296--7303},
  author = {Aaron M. Virshup and Julia Contreras-Garc{\'{\i}}a and Peter Wipf and Weitao Yang and David N. Beratan},
  title = {{Stochastic Voyages into Uncharted Chemical Space Produce a Representative Library of All Possible Drug-Like Compounds}},
  journal = {J. Am. Chem. Soc.},
}


@article{Carhart_1985,
  doi = {10.1021/ci00046a002},
  url = {http://dx.doi.org/10.1021/ci00046a002},
  year = {1985},
  month = {may},
  publisher = {American Chemical Society ({ACS})},
  volume = {25},
  number = {2},
  pages = {64--73},
  author = {Raymond E. Carhart and Dennis H. Smith and R. Venkataraghavan},
  title = {{Atom pairs as molecular features in structure-activity studies: definition and applications}},
  journal = {J. Chem. Inf. Model.}, 
}


@article{Podolyan_2010,
  doi = {10.1021/ci900301v},
  url = {http://dx.doi.org/10.1021/ci900301v},
  year = {2010},
  month = {jun},
  publisher = {American Chemical Society ({ACS})},
  volume = {50},
  number = {6},
  pages = {979--991},
  author = {Yevgeniy Podolyan and Michael A. Walters and George Karypis},
  title = {{Assessing Synthetic Accessibility of Chemical Compounds Using Machine Learning Methods}},
  journal = {J. Chem. Inf. Model.}, 
}


@article{Pyzer_Knapp_2015a,
  doi = {10.1002/adfm.201501919},
  url = {http://dx.doi.org/10.1002/adfm.201501919},
  year = {2015},
  month = {sep},
  publisher = {Wiley-Blackwell},
  volume = {25},
  number = {41},
  pages = {6495--6502},
  author = {Edward O. Pyzer-Knapp and Kewei Li and Alan Aspuru-Guzik},
  title = {{Learning from the Harvard Clean Energy Project: The Use of Neural Networks to Accelerate Materials Discovery}},
  journal = {Adv. Funct. Mater.},
}


@article{Ballester_2010,
  doi = {10.1093/bioinformatics/btq112},
  url = {http://dx.doi.org/10.1093/bioinformatics/btq112},
  year = {2010},
  month = {mar},
  publisher = {Oxford University Press ({OUP})},
  volume = {26},
  number = {9},
  pages = {1169--1175},
  author = {P. J. Ballester and J. B. O. Mitchell},
  title = {{A machine learning approach to predicting protein-ligand binding affinity with applications to molecular docking}},
  journal = {Bioinformatics},
}


@article{Zhang_2006,
  doi = {10.1021/ci060132x},
  url = {http://dx.doi.org/10.1021/ci060132x},
  year = {2006},
  month = {sep},
  publisher = {American Chemical Society ({ACS})},
  volume = {46},
  number = {5},
  pages = {1984--1995},
  author = {Shuxing Zhang and Alexander Golbraikh and Scott Oloff and Harold Kohn and Alexander Tropsha},
  title = {{A Novel Automated Lazy Learning {QSAR} ({ALL}-{QSAR}) Approach:~ Method Development Applications, and Virtual Screening of Chemical Databases Using Validated {ALL}-{QSAR} Models}},
  journal = {J. Chem. Inf. Model.}, 
}


@article{Pyzer_Knapp_2016,
  doi = {10.1039/c5mh00282f},
  url = {http://dx.doi.org/10.1039/c5mh00282f},
  year = {2016},
  publisher = {Royal Society of Chemistry ({RSC})},
  volume = {3},
  number = {3},
  pages = {226--233},
  author = {Edward O. Pyzer-Knapp and Gregor N. Simm and Al{\'{a}}n Aspuru Guzik},
  title = {{A Bayesian approach to calibrating high-throughput virtual screening results and application to organic photovoltaic materials}},
  journal = {Mater. Horiz.},
}


@article{Schneider_2015,
  doi = {10.1021/ci5006614},
  url = {http://dx.doi.org/10.1021/ci5006614},
  year = {2015},
  month = {jan},
  publisher = {American Chemical Society ({ACS})},
  volume = {55},
  number = {1},
  pages = {39--53},
  author = {Nadine Schneider and Daniel M. Lowe and Roger A. Sayle and Gregory A. Landrum},
  title = {{Development of a Novel Fingerprint for Chemical Reactions and Its Application to Large-Scale Reaction Classification and Similarity}},
  journal = {J. Chem. Inf. Model.},
}


@article{Szymkuc_2016,
  author = {Szymkuć, Sara and Gajewska, Ewa P. and Klucznik, Tomasz and Molga, Karol and Dittwald, Piotr and Startek, Michał and Bajczyk, Michał and Grzybowski, Bartosz A.},
  title = {{Computer-Assisted Synthetic Planning: The End of the Beginning}},
  journal = {Agnew. Chem. Int. Ed.},
  volume = {55},
  number = {20},
  issn = {1521-3773},
  url = {http://dx.doi.org/10.1002/anie.201506101},
  doi = {10.1002/anie.201506101},
  pages = {5904--5937},
  keywords = {algorithms, Chematica, computers, networks, organic synthesis},
  year = {2016},
}


@misc{ChemPlanner,
  title = {ChemPlanner},
  url = {http://www.chemplanner.com/},
  journal = {John Wiley & Sons},
  howpublished = {\url{'http://www.chemplanner.com/'}}
}


@article{socorro2005robia,
  title = {{ROBIA: a reaction prediction program}},
  author = {Socorro, Ingrid M and Taylor, Keith and Goodman, Jonathan M},
  journal = {Org. Lett.},
  volume = {7},
  number = {16},
  pages = {3541--3544},
  year = {2005},
  publisher = {ACS Publications},
}


@article{reymond2010chemical,
  title = {{Chemical space as a source for new drugs}},
  author = {Reymond, Jean-Louis and Van Deursen, Ruud and Blum, Lorenz C and Ruddigkeit, Lars},
  journal = {Med. Chem. Comm.},
  volume = {1},
  number = {1},
  pages = {30--38},
  year = {2010},
  publisher = {Royal Society of Chemistry},
}


@article{Gelernter_1990,
  doi = {10.1021/ci00068a023},
  url = {http://dx.doi.org/10.1021/ci00068a023},
  year = {1990},
  month = {nov},
  publisher = {American Chemical Society ({ACS})},
  volume = {30},
  number = {4},
  pages = {492--504},
  author = {Herbert Gelernter and J. Royce Rose and Chyouhwa Chen},
  title = {{Building and refining a knowledge base for synthetic organic chemistry via the methodology of inductive and deductive machine learning}},
  journal = {J. Chem. Inf. Model.},
}


@article{Law_2009,
  doi = {10.1021/ci800228y},
  url = {http://dx.doi.org/10.1021/ci800228y},
  year = {2009},
  month = {mar},
  publisher = {American Chemical Society ({ACS})},
  volume = {49},
  number = {3},
  pages = {593--602},
  author = {James Law and Zsolt Zsoldos and Aniko Simon and Darryl Reid and Yang Liu and Sing Yoong Khew and A. Peter Johnson and Sarah Major and Robert A. Wade and Howard Y. Ando},
  title = {{Route Designer: A Retrosynthetic Analysis Tool Utilizing Automated Retrosynthetic Rule Generation}},
  journal = {J. Chem. Inf. Model.},
}

@article{Baldi2009NoElectron,
  author = {Jonathan H. Chen and Pierre Baldi},
  title = {No Electron Left Behind: A Rule-Based Expert System To Predict Chemical Reactions and Reaction Mechanisms},
  journal = {J. Chem. Inf. Model.},
  volume = {49},
  number = {9},
  pages = {2034-2043},
  year = {2009},
  doi = {10.1021/ci900157k},
      note ={PMID: 19719121},
  URL = {http://dx.doi.org/10.1021/ci900157k},
  eprint = {http://dx.doi.org/10.1021/ci900157k}
}

@article{Kayala2011Learning,
  author = {Matthew A. Kayala and Chloé-Agathe Azencott and Jonathan H. Chen and Pierre Baldi},
  title = {Learning to Predict Chemical Reactions},
  journal = {J. Chem. Inf. Model.},
  volume = {51},
  number = {9},
  pages = {2209-2222},
  year = {2011},
  doi = {10.1021/ci200207y},
  note ={PMID: 21819139},
  URL = {http://dx.doi.org/10.1021/ci200207y},
  eprint = {http://dx.doi.org/10.1021/ci200207y}
}

@article{Chen2008SynExplorer,
  author = {Jonathan H. Chen and Pierre Baldi},
  title = {Synthesis Explorer: A Chemical Reaction Tutorial System for Organic Synthesis Design and Mechanism Prediction},
  journal = {J. Chem. Educ.},
  volume = {85},
  number = {12},
  pages = {1699},
  year = {2008},
  doi = {10.1021/ed085p1699},
  URL = { http://dx.doi.org/10.1021/ed085p1699},
  eprint = {http://dx.doi.org/10.1021/ed085p1699}
}

@article{Rogers2010Extended,
  author = {David Rogers and Mathew Hahn},
  title = {Extended-Connectivity Fingerprints},
  journal = {J. Chem. Inf. Model.},
  volume = {50},
  number = {5},
  pages = {742-754},
  year = {2010},
  doi = {10.1021/ci100050t},
  note ={PMID: 20426451},
  URL = { http://dx.doi.org/10.1021/ci100050t},
  eprint = { http://dx.doi.org/10.1021/ci100050t}
}

@article{scikit-learn,
 title={Scikit-learn: Machine Learning in {P}ython},
 author={Pedregosa, F. and Varoquaux, G. and Gramfort, A. and Michel, V.
         and Thirion, B. and Grisel, O. and Blondel, M. and Prettenhofer, P.
         and Weiss, R. and Dubourg, V. and Vanderplas, J. and Passos, A. and
         Cournapeau, D. and Brucher, M. and Perrot, M. and Duchesnay, E.},
 journal={Journal of Machine Learning Research},
 volume={12},
 pages={2825--2830},
 year={2011}
}
