% Matter simulation perspective: 
@article{aspuru2018matter,
  title={The Matter Simulation (R) evolution},
  author={Aspuru-Guzik, Alán and Lindh, Roland and Reiher, Markus},
  journal={ACS central science},
  volume={4},
  number={2},
  pages={144--152},
  year={2018},
  publisher={ACS Publications}
}


% General Mass Spectrometry References:
@incollection{Downard_mass_spec,
	Booktitle = {Mass Spectrometry: A Foundation Course},
	Doi = {10.1039/9781847551306-00001},
	Editor = {Downard, K.},
	Isbn = {978-0-85404-609-6},
	Pages = {1-9},
	Publisher = {The Royal Society of Chemistry},
	Title = {Mass spectrometry{'}s beginnings},
	Url = {http://dx.doi.org/10.1039/9781847551306-00001},
	Year = 2007,
	Bdsk-Url-1 = {http://dx.doi.org/10.1039/9781847551306-00001}}


@book{HoffmannEdmondde2007Ms,
	Address = {Chichester, West Sussex, England ; Hoboken, NJ},
	Author = {Hoffmann, Edmond de},
	Edition = {3rd ed. / Edmond de Hoffmann, Vincent Stroobant.},
	Publisher = {J. Wiley},
	Title = {Mass spectrometry : principles and applications},
	Year = {2007}}


@article{Petrie_ions_in_space,
	Author = {Petrie, Simon and Bohme, Diethard Kurt},
	Doi = {10.1002/mas.20114},
	Eprint = {https://onlinelibrary.wiley.com/doi/pdf/10.1002/mas.20114},
	Journal = {Mass Spectrometry Reviews},
	Number = {2},
	Pages = {258-280},
	Year = {2006},
	Title = {Ions in space},
	Url = {https://onlinelibrary.wiley.com/doi/abs/10.1002/mas.20114},
	Volume = {26},
	Bdsk-Url-1 = {https://onlinelibrary.wiley.com/doi/abs/10.1002/mas.20114},
	Bdsk-Url-2 = {http://dx.doi.org/10.1002/mas.20114}}}


 @article{massspec_pharmakinetics,
 Title =  {Increasing Speed and Throughput When Using HPLC-MS/MS Systems forDrug Metabolism and Pharmacokinetic Screening},
 Journal = {Current Drug Metabolism},
 volume = 7,
 Number = 5,
 Pages = {479--489},
 Year = 2006,
 ISSN = {1389-2002/1875-5453},
 DOI = {10.2174/138920006777697963},
 URL = {http://www.eurekaselect.com/node/56308/article},
 Author = {Yunsheng  Hsieh and   Walter  A. Korfmacher}}
 
 
 

% molecular graph vector representations.


@article{Bombarelli_autoencoder,
	Author = {G{\'o}mez-Bombarelli, Rafael and Wei, Jennifer N. and Duvenaud, David and Hern{\'a}ndez-Lobato, Jos{\'e} Miguel and S{\'a}nchez-Lengeling, Benjam{\'\i}n and Sheberla, Dennis and Aguilera-Iparraguirre, Jorge and Hirzel, Timothy D. and Adams, Ryan P. and Aspuru-Guzik, Al{\'a}n},
	Doi = {10.1021/acscentsci.7b00572},
	Eprint = {https://doi.org/10.1021/acscentsci.7b00572},
	Journal = {ACS Central Science},
	Number = {2},
	Pages = {268-276},
	Title = {Automatic Chemical Design Using a Data-Driven Continuous Representation of Molecules},
	Url = {https://doi.org/10.1021/acscentsci.7b00572},
	Volume = {4},
	Year = {2018},
	Bdsk-Url-1 = {https://doi.org/10.1021/acscentsci.7b00572},
	Bdsk-Url-2 = {http://dx.doi.org/10.1021/acscentsci.7b00572}}

@ARTICLE{Kusner_grammar_vae,
   author = {{Kusner}, M.~J. and {Paige}, B. and {Hern{\'a}ndez-Lobato}, J.~M.
	},
    title = "{Grammar Variational Autoencoder}",
  journal = {ArXiv e-prints},
archivePrefix = "arXiv",
   eprint = {1703.01925},
 primaryClass = "stat.ML",
 keywords = {Statistics - Machine Learning},
     year = 2017,
    month = mar,
   adsurl = {http://adsabs.harvard.edu/abs/2017arXiv170301925K},
  adsnote = {Provided by the SAO/NASA Astrophysics Data System}
}

@article{schwaller2018found,
  title={“Found in Translation”: predicting outcomes of complex organic chemistry reactions using neural sequence-to-sequence models},
  author={Schwaller, Philippe and Gaudin, Theophile and Lanyi, David and Bekas, Costas and Laino, Teodoro},
  journal={Chemical Science},
  year={2018},
  publisher={Royal Society of Chemistry}
}

@article{nam2016linking,
  title={Linking the neural machine translation and the prediction of organic chemistry reactions},
  author={Nam, Juno and Kim, Jurae},
  journal={arXiv preprint arXiv:1612.09529},
  year={2016}
}

% Mass Spectrometry Previous Prediction methods:

@Article{Eng1994sequest,
author="Eng, Jimmy K.
and McCormack, Ashley L.
and Yates, John R.",
title="An approach to correlate tandem mass spectral data of peptides with amino acid sequences in a protein database",
journal="Journal of the American Society for Mass Spectrometry",
year="1994",
month="Nov",
day="01",
volume="5",
number="11",
pages="976--989",
issn="1879-1123",
doi={10.1016/1044-0305(94)80016-2},
url={https://doi.org/10.1016/1044-0305(94)80016-2}
}

@article {Tran8247deepnovo,
	author = {Tran, Ngoc Hieu and Zhang, Xianglilan and Xin, Lei and Shan, Baozhen and Li, Ming},
	title = {De novo peptide sequencing by deep learning},
	volume = {114},
	number = {31},
	pages = {8247--8252},
	year = {2017},
	doi = {10.1073/pnas.1705691114},
	publisher = {National Academy of Sciences},
	issn = {0027-8424},
	URL = {http://www.pnas.org/content/114/31/8247},
	eprint = {http://www.pnas.org/content/114/31/8247.full.pdf},
	journal = {Proceedings of the National Academy of Sciences}
}

@article{Schoenholtz2018supervision,
   author = {{Schoenholz}, S.~S. and {Hackett}, S. and {Deming}, L. and {Melamud}, E. and 
	{Jaitly}, N. and {McAllister}, F. and {O'Brien}, J. and {Dahl}, G. and 
	{Bennett}, B. and {Dai}, A.~M. and {Koller}, D.},
    title = "{Peptide-Spectra Matching from Weak Supervision}",
  journal = {ArXiv e-prints},
archivePrefix = "arXiv",
   eprint = {1808.06576},
 primaryClass = "q-bio.QM",
 keywords = {Quantitative Biology - Quantitative Methods, Statistics - Machine Learning},
     year = 2018,
    month = aug,
   adsurl = {http://adsabs.harvard.edu/abs/2018arXiv180806576S},
  adsnote = {Provided by the SAO/NASA Astrophysics Data System}
}

@article{Zhou2017LatentFingerprints,
author = {Zhou, Zhenpeng and Zare, Richard N.},
title = {Personal Information from Latent Fingerprints Using Desorption Electrospray Ionization Mass Spectrometry and Machine Learning},
journal = {Analytical Chemistry},
volume = {89},
number = {2},
pages = {1369-1372},
year = {2017},
doi = {10.1021/acs.analchem.6b04498},
note ={PMID: 28194988},
URL = { 
        https://doi.org/10.1021/acs.analchem.6b04498
},
eprint = { 
        https://doi.org/10.1021/acs.analchem.6b04498
}
}


@article{lindsay1993dendral,
  title={DENDRAL: a case study of the first expert system for scientific hypothesis formation},
  author={Lindsay, Robert K and Buchanan, Bruce G and Feigenbaum, Edward A and Lederberg, Joshua},
  journal={Artificial intelligence},
  volume={61},
  number={2},
  pages={209--261},
  year={1993},
  publisher={Elsevier}
}

@incollection{buchanan1981dendral,
  title={DENDRAL and Meta-DENDRAL: Their applications dimension},
  author={Buchanan, Bruce G and Feigenbaum, Edward A},
  booktitle={Readings in artificial intelligence},
  pages={313--322},
  year={1981},
  publisher={Elsevier}
}

% Spectra to smiles
@misc{spec2smiles,
  author = {Rabinowitz, T.},
  title = {Mass-Spectrometry-Prediction},
  year = {2017},
  publisher = {GitHub},
  journal = {GitHub repository},
  howpublished = {https://github.com/terryrabinowitz/Mass-Spectrometry-Prediction/blob/master/readme.pdf},
  commit = {b3d87a2a46b09f2ed4f0817feb7322782639d88c},
}

@article{allen2016computational,
  title={Computational prediction of electron ionization mass spectra to assist in GC/MS compound identification},
  author={Allen, Felicity and Pon, Allison and Greiner, Russ and Wishart, David},
  journal={Analytical chemistry},
  volume={88},
  number={15},
  pages={7689--7697},
  year={2016},
  publisher={ACS Publications}
}

@article{irikura2017ab,
  title={Ab Initio Computation of Energy Deposition During Electron Ionization of Molecules},
  author={Irikura, Karl K},
  journal={The Journal of Physical Chemistry A},
  volume={121},
  number={40},
  pages={7751--7760},
  year={2017},
  publisher={ACS Publications}
}

@article{Guerra_BEB_model,
   author = {{Guerra}, M. and {Parente}, F. and {Indelicato}, P. and {Santos}, J.~P.
	},
    title = "{Modified binary encounter Bethe model for electron-impact ionization}",
  journal = {ArXiv e-prints},
archivePrefix = "arXiv",
   eprint = {1306.2826},
 primaryClass = "physics.atom-ph",
 keywords = {Physics - Atomic Physics},
     year = 2013,
    month = jun,
   adsurl = {http://adsabs.harvard.edu/abs/2013arXiv1306.2826G},
  adsnote = {Provided by the SAO/NASA Astrophysics Data System}
}



@article{bauer2016compute,
  title={How to compute electron ionization mass spectra from first principles},
  author={Bauer, Christoph Alexander and Grimme, Stefan},
  journal={The Journal of Physical Chemistry A},
  volume={120},
  number={21},
  pages={3755--3766},
  year={2016},
  publisher={ACS Publications}
}

@article{lorquet2000landmarks,
  title={Landmarks in the theory of mass spectra},
  author={Lorquet, Jean-Claude},
  journal={International Journal of Mass Spectrometry},
  volume={200},
  number={1-3},
  pages={43--56},
  year={2000},
  publisher={Elsevier}
}

@article{lorquet1994whither,
  title={Whither the statistical theory of mass spectra?},
  author={Lorquet, JC},
  journal={Mass Spectrometry Reviews},
  volume={13},
  number={3},
  pages={233--257},
  year={1994},
  publisher={Wiley Online Library}
}

@article{rosenstock1952absolute,
  title={Absolute rate theory for isolated systems and the mass spectra of polyatomic molecules},
  author={Rosenstock, Henry Meyer and Wallenstein, MB and Wahrhaftig, AL and Eyring, Henry},
  journal={Proceedings of the National Academy of Sciences},
  volume={38},
  number={8},
  pages={667--678},
  year={1952},
  publisher={National Acad Sciences}
}

@article{Asgeirsson_QCEIMS,
author ="Ásgeirsson, Vilhjálmur and Bauer, Christoph A. and Grimme, Stefan",
title  ="Quantum chemical calculation of electron ionization mass spectra for general organic and inorganic molecules",
journal  ="Chem. Sci.",
year  ="2017",
volume  ="8",
issue  ="7",
pages  ="4879-4895",
publisher  ="The Royal Society of Chemistry",
doi  ="10.1039/C7SC00601B",
url  ="http://dx.doi.org/10.1039/C7SC00601B"
}

@article{grimme2013towards,
  title={Towards first principles calculation of electron impact mass spectra of molecules},
  author={Grimme, Stefan},
  journal={Angewandte Chemie International Edition},
  volume={52},
  number={24},
  pages={6306--6312},
  year={2013},
  publisher={Wiley Online Library}
}

% Studies on sub-datasets:
@article{moorthy2017combining,
  title={Combining fragment-ion and neutral-loss matching during mass spectral library searching: A new general purpose algorithm applicable to illicit drug identification},
  author={Moorthy, Arun S and Wallace, William E and Kearsley, Anthony J and Tchekhovskoi, Dmitrii V and Stein, Stephen E},
  journal={Analytical chemistry},
  volume={89},
  number={24},
  pages={13261--13268},
  year={2017},
  publisher={ACS Publications}
}

@article{ausloos1999critical,
  title={The critical evaluation of a comprehensive mass spectral library},
  author={Ausloos, P and Clifton, CL and Lias, SG and Mikaya, AI and Stein, Stephen E and Tchekhovskoi, Dmitrii V and Sparkman, OD and Zaikin, V and Zhu, Damo},
  journal={Journal of the American Society for Mass Spectrometry},
  volume={10},
  number={4},
  pages={287--299},
  year={1999},
  publisher={Elsevier}
}



% Similarity metrics

@article{stein1994optimization,
  title={Optimization and testing of mass spectral library search algorithms for compound identification},
  author={Stein, Stephen E and Scott, Donald R},
  journal={Journal of the American Society for Mass Spectrometry},
  volume={5},
  number={9},
  pages={859--866},
  year={1994},
  publisher={Elsevier}
}

@article{mclafferty1974probability,
  title={Probability based matching of mass spectra. Rapid identification of specific compounds in mixtures},
  author={McLafferty, FW and Hertel, RH and Villwock, RD},
  journal={Journal of Mass Spectrometry},
  volume={9},
  number={7},
  pages={690--702},
  year={1974},
  publisher={Wiley Online Library}
}

@article{hertz1971identification,
  title={Identification of mass spectra by computer-searching a file of known spectra},
  author={Hertz, Harry S and Hites, Ronald A and Biemann, Klaus},
  journal={Analytical Chemistry},
  volume={43},
  number={6},
  pages={681--691},
  year={1971},
  publisher={ACS Publications}
}

% Fingerprints

@article{Morgan_1965,
  doi = {10.1021/c160017a018},
  url = {http://dx.doi.org/10.1021/c160017a018},
  year = {1965},
  month = {may},
  publisher = {American Chemical Society ({ACS})},
  volume = {5},
  number = {2},
  pages = {107--113},
  author = {H. L. Morgan},
  title = {{The Generation of a Unique Machine Description for Chemical Structures-A Technique Developed at Chemical Abstracts Service.}},
  journal = {J. Chem. Doc.},
}


@article{Rogers_2010_ECFP,
author = {Rogers, David and Hahn, Mathew},
title = {Extended-Connectivity Fingerprints},
journal = {Journal of Chemical Information and Modeling},
volume = {50},
number = {5},
pages = {742-754},
year = {2010},
doi = {10.1021/ci100050t},
    note ={PMID: 20426451},

URL = { 
        https://doi.org/10.1021/ci100050t
    
},
eprint = { 
        https://doi.org/10.1021/ci100050t
    
}

}


@article{duvenaud_convolutional_2015,
title = {Convolutional Networks on Graphs for Learning Molecular Fingerprints},
author = {Duvenaud, David K and Maclaurin, Dougal and Iparraguirre, Jorge and Bombarell, Rafael and Hirzel, Timothy and Aspuru-Guzik, Alan and Adams, Ryan P},
journal = {Adv. Neural. Inf. Process. Syst. 28},
editor = {C. Cortes and N. D. Lawrence and D. D. Lee and M. Sugiyama and R. Garnett},
pages = {2224--2232},
year = {2015},
publisher = {Curran Associates, Inc.},
url = {http://papers.nips.cc/paper/5954-convolutional-networks-on-graphs-for-learning-molecular-fingerprints.pdf}
}

@article{kearnes2016molecular,
  title={Molecular graph convolutions: moving beyond fingerprints},
  author={Kearnes, Steven and McCloskey, Kevin and Berndl, Marc and Pande, Vijay and Riley, Patrick},
  journal={Journal of computer-aided molecular design},
  volume={30},
  number={8},
  pages={595--608},
  year={2016},
  publisher={Springer}
}

@ARTICLE{gilmer_2017_mpnn,
   author = {{Gilmer}, J. and {Schoenholz}, S.~S. and {Riley}, P.~F. and
    {Vinyals}, O. and {Dahl}, G.~E.},
    title = "{Neural Message Passing for Quantum Chemistry}",
  journal = {ArXiv e-prints},
archivePrefix = "arXiv",
   eprint = {1704.01212},
 keywords = {Computer Science - Machine Learning, I.2.6},
     year = 2017, 
    month = apr,
   adsurl = {http://adsabs.harvard.edu/abs/2017arXiv170401212G},
  adsnote = {Provided by the SAO/NASA Astrophysics Data System}
} 
  

% relative ranking position
@article{kerber2006case,
  title={CASE via MS: ranking structure candidates by mass spectra},
  author={Kerber, Adalbert and Meringer, Markus and R{\"u}cker, Christoph},
  journal={Croatica chemica acta},
  volume={79},
  number={3},
  pages={449--464},
  year={2006},
  publisher={Hrvatsko kemijsko dru{\v{s}}tvo}
}

% Datasets:
@article{horai2010massbank,
  title={MassBank: a public repository for sharing mass spectral data for life sciences},
  author={Horai, Hisayuki and Arita, Masanori and Kanaya, Shigehiko and Nihei, Yoshito and Ikeda, Tasuku and Suwa, Kazuhiro and Ojima, Yuya and Tanaka, Kenichi and Tanaka, Satoshi and Aoshima, Ken and others},
  journal={Journal of mass spectrometry},
  volume={45},
  number={7},
  pages={703--714},
  year={2010},
  publisher={Wiley Online Library}
}

@book{mclafferty2016wiley,
  title={Wiley Registry of Mass Spectral Data},
  edition={11th},
  author={Mclafferty, Fred W},
  year={2016},
  publisher={John Wiley and Sons}
}

@misc{2017nist,
  title={National {I}nstitute of {S}tandards and {T}echnology ({NIST}) {M}ass {S}pectral {D}atabase},
  author={Stein, Steven E},
  year={2017}
}

% Rdkit blogposts:
@misc{rdkit_blogpost_collide_bits,
author = {{Landrum}, G.},
title = {Collding bits},
Url={http://rdkit.blogspot.com/2014/02/colliding-bits.html},
year={2014}
}

@misc{rdkit_blogpost_bit_statistics,
author = {{Landrum}, G.},
title = {Morgan fingerprint bit statistics},
Url={http://rdkit.blogspot.com/2016/02/morgan-fingerprint-bit-statistics.html},
year={2016}
}


% Toolkits

@article{he_resnet,
   author = {{He}, K. and {Zhang}, X. and {Ren}, S. and {Sun}, J.},
    title = "{Deep Residual Learning for Image Recognition}",
  journal = {ArXiv e-prints},
archivePrefix = "arXiv",
   eprint = {1512.03385},
 primaryClass = "cs.CV",
 keywords = {Computer Science - Computer Vision and Pattern Recognition},
     year = 2015,
    month = dec,
   adsurl = {http://adsabs.harvard.edu/abs/2015arXiv151203385H},
  adsnote = {Provided by the SAO/NASA Astrophysics Data System}
}

@article{Kingma_adam_optimizer,
   author = {{Kingma}, D.~P. and {Ba}, J.},
    title = "{Adam: A Method for Stochastic Optimization}",
  journal = {ArXiv e-prints},
archivePrefix = "arXiv",
   eprint = {1412.6980},
 keywords = {Computer Science - Machine Learning},
     year = 2014,
    month = dec,
   adsurl = {http://adsabs.harvard.edu/abs/2014arXiv1412.6980K},
  adsnote = {Provided by the SAO/NASA Astrophysics Data System}
}


@misc{rdkit,
  title = {{RDK}it: Open-source cheminformatics},
  Url = {http://www.rdkit.org},
  note = {[Online; accessed 18-November-2018]},
  key = {RDKit, online},
  year = 2018
}

@inproceedings{Tensorflow-2016,
title = {TensorFlow: A system for large-scale machine learning},        
author  = {Martin Abadi and Paul Barham and Jianmin Chen and Zhifeng Chen and Andy Davis and Jeffrey Dean and Matthieu Devin and Sanjay Ghemawat and Geoffrey Irving and Michael Isard and Manjunath Kudlur and Josh Levenberg and Rajat Monga and Sherry Moore and Derek G. Murray and Benoit Steiner and Paul Tucker and Vijay Vasudevan and Pete Warden and Martin Wicke and Yuan Yu and Xiaoqiang Zheng},
year  = 2016, 
URL = {https://www.usenix.org/system/files/conference/osdi16/osdi16-abadi.pdf},
booktitle = {12th USENIX Symposium on Operating Systems Design and Implementation (OSDI 16)},
pages = {265--283}
}

@proceedings{Google_Vizier,
    title   = {Google Vizier: A Service for Black-Box Optimization},
    editor  = {Daniel Golovin and Benjamin Solnik and Subhodeep Moitra and Greg Kochanski and John Elliot Karro and D. Sculley},
    year    = {2017},
    URL = {http://www.kdd.org/kdd2017/papers/view/google-vizier-a-service-for-black-box-optimization}
}

@inproceedings{baldi2013understanding,
  title = {{Understanding dropout}},
  author = {Pierre Baldi and Peter J. Sadowski},
  booktitle = {Advances in Neural Information Processing Systems},
  pages = {2814--2822},
  year = {2013},
}


%% Extra refs (to include in main bib)

@article{NIST_WebBook,
  title={The NIST Chemistry WebBook: A chemical data resource on the internet},
  author={Linstrom, Peter J and Mallard, William G},
  journal={Journal of Chemical \& Engineering Data},
  volume={46},
  number={5},
  pages={1059--1063},
  year={2001},
  publisher={ACS Publications}
}


@article{stein2012MassLibReview,
  title={Mass spectral reference libraries: an ever-expanding resource for chemical identification},
  author={Stein, Stephen},
  year={2012},
  publisher={ACS Publications},
  journal={Analytical Chemistry},
  volume={84},
  pages={7274 - 7282}
}


@article{stein1995ChemicalSubstructureIdentification,
  title={Chemical substructure identification by mass spectral library searching},
  author={Stein, Stephen E},
  journal={Journal of the American Society for Mass Spectrometry},
  volume={6},
  number={8},
  pages={644--655},
  year={1995},
  publisher={Elsevier}
}

@article{curry1990msnet,
  title={MSnet: A neural network which classifies mass spectra},
  author={Curry, Bo and Rumelhart, David E},
  journal={Tetrahedron Computer Methodology},
  volume={3},
  number={3-4},
  pages={213--237},
  year={1990},
  publisher={Elsevier}
}
